@article{gill_screening,
   author = {Gill, P. M. W. and Johnson, B. G. and Pople, J. A.},
   title = {A SIMPLE YET POWERFUL UPPER BOUND FOR COULOMB INTEGRALS},
   journal = {Chem. Phys. Lett.},
   volume = {217},
   number = {1-2},
   pages = {65-68},
   year = {1994}
}

@article{dupuis2,
   author = {Rys, J. and Dupuis, M. and King, H. F.},
   title = {COMPUTATION OF ELECTRON REPULSION INTEGRALS USING THE RYS QUADRATURE METHOD},
   journal = {J. Comput. Chem.},
   volume = {4},
   number = {2},
   pages = {154-157},
   year = {1983}
}

@article{drk,
   author = "Dupuis, Michel and Rys, John and King, Harry F.",
   title = "Evaluation of molecular integrals over Gaussian basis functions",
   journal = "The Journal of Chemical Physics",
   year = "1976",
   volume = "65",
   number = "1", 
   pages = "111-116",
   url = "http://scitation.aip.org/content/aip/journal/jcp/65/1/10.1063/1.432807",
   doi = "http://dx.doi.org/10.1063/1.432807" 
}

@article{rys_integral,
    title = "Numerical integration using rys polynomials ",
    journal = "Journal of Computational Physics ",
    volume = "21",
    number = "2",
    pages = "144 - 165",
    year = "1976",
    note = "",
    issn = "0021-9991",
    doi = "http://dx.doi.org/10.1016/0021-9991(76)90008-5",
    url = "http://www.sciencedirect.com/science/article/pii/0021999176900085",
    author = "Harry F. King and Michel Dupuis"
}



@article{pople1,
   author = {Pople, J. A. and Hehre, W. J.},
   title = {COMPUTATION OF ELECTRON REPULSION INTEGRALS INVOLVING CONTRACTED GAUSSIAN BASIS FUNCTIONS},
   journal = {J. Comput. Phys.},
   volume = {27},
   number = {2},
   pages = {161-168},
   year = {1978}
}

@article{pople2,
   author = {Head-Gordon, M. and Pople, J. A.},
   title = {A METHOD FOR 2-ELECTRON GAUSSIAN INTEGRAL AND INTEGRAL DERIVATIVE EVALUATION USING RECURRENCE RELATIONS},
   journal = {J. Chem. Phys.},
   volume = {89},
   number = {9},
   pages = {5777-5786},
   year = {1988}
}

@article{pople3,
   author = {Gill, P. M. W. and Pople, J. A.},
   title = {THE PRISM ALGORITHM FOR 2-ELECTRON INTEGRALS},
   journal = {Int. J. Quantum Chem.},
   volume = {40},
   number = {6},
   pages = {753-772}, 
   year = {1991}
}

@article{McMurchie,
   author = {McMurchie, L. E. and Davidson, E. R.},
   title = {ONE-ELECTRON AND 2-ELECTRON INTEGRALS OVER CARTESIAN GAUSSIAN FUNCTIONS},
   journal = {J. Comput. Phys.},
   volume = {26},
   number = {2},
   pages = {218-231},
   year = {1978}
}

@article{gill,
   author = {Gill, P. M. W.},
   title = {Molecular integrals over gaussian basis functions},
   journal = {Adv. Quantum Chem.},
   volume = {25},
   pages = {141-205},
   year = {1994},
}

@article{Hirao,
   author = {Kurashige, Yuki and Nakajima, Takahito and Hirao, Kimihiko},
   title = {Gaussian and finite-element Coulomb method for the fast evaluation of Coulomb integrals},
   journal = {J. Chem. Phys.},
   volume = {126},
   number = {14},
   year = {2007}
}

@article{tenno,
   author = {Ten-no, S.},
   title = {An Efficient Algorithm for Electron Repulsion Integrals over Contracted Gaussian-Type Functions},
   journal = {Chem. Phys. Lett.},
   volume = {211},
   number = {2-3},
   pages = {259-264},
   year = {1993}
}

@article{lindh,
   author = {Lindh, R. and Ryu, U. and Liu, B.},
   title = {The Reduced Multiplication Scheme of the Rys Quadrature and New Recurrence Relations for Auxiliary Function Based 2-Electron Integral Evaluation},
   journal = {J. Chem. Phys.},
   volume = {95},
   number = {8},
   pages = {5889-5897},
   year = {1991}
}

@article{yanai,
   author = {Yanai, T. and Ishida, K. and Nakano, H. and Hirao, K.},
   title = {New algorithm for electron repulsion integrals oriented to the general contraction scheme},
   journal = {Int. J. Quantum Chem.},
   volume = {76},
   number = {3},
   pages = {396-406},
   year = {2000}
}

@article{ishida,
   author = {Ishida, K.},
   title = {ACE algorithm for the rapid evaluation of the electron-repulsion integral over gaussian-type orbitals},
   journal = {Int. J. Quantum Chem.},
   volume = {59},
   number = {3},
   pages = {209-218},
   year = {1996}
}

@book{helgaker,
    author = {Trygve Helgaker and Poul J{\o}rgensen and Jeppe Olsen},
    publisher = {Wiley},
    title = {Molecular Electronic-Structure Theory},
    address = {Chichester},
    year = {2004}
}

@article{beebe,
   author = {Beebe, N. H. F. and Linderberg, J.},
   title = {Simplifications in the Generation and Transformation of Two-Electron Integrals in Molecular Calculations},
   journal = {Int. J. Quantum Chem.},
   volume = {12},
   number = {4},
   pages = {683-705},
   year = {1977}
}

@article{ayed,
   author = {Ayed, O. and Bernard, E. and Silvi, B.},
   title = {On the Mulliken Approximation of Multicenter Integrals},
   journal = {J. Mol. Struct. (Theochem)},
   volume = {135},
   pages = {159-168},
   year = {1986}
}

@article{ruedenberg,
   author = {R{\"{u}}denberg, K.},
   title = {On the 3-Center and 4-Center Integrals in Molecular Quantum Mechanics},
   journal = {J. Chem. Phys.},
   volume = {19},
   number = {11},
   pages = {1433-1433},
   year = {1951}
}

@article{ruttink,
   author = {Ruttink, P. J. A.},
   title = {Restriction on Approximations of Molecular Integrals},
   journal = {Theor. Chim. Acta},
   volume = {6},
   number = {1},
   pages = {83},
   year = {1966}
}

@article{os,
    author  = "S. Obara and A. Saika",
    title   = "Efficient Recursive computation os molecular integrals over
               Cartesian Gaussian functions",
    journal = "J. Chem. Phys.",
    volume  = 84,
    year    = 1986,
    pages   = 3963
}

@article{hgp,
    author  = "Martin Head-Gordon and John A. Pople",
    title   = "A method for two-electron Gaussian integral and integral
               derivative evaluation using recurrence relations",
    journal = "J. Chem. Phys.",
    volume  = 89,
    year    = 1988,
    pages   = 5777
}

@article{ghp,
    author  = "Peter M. W. Gill and Martin Head-Gordon and John A. Pople",
    title   = "An Efficient Algorithm for the Generation of Two-Electron Repulsion Integrals over Gaussian Basis Functions",
    journal = "International Journal of Quantum Chemistry",
    volume  = 23,
    year    = 1989,
    pages   = {269--280}
}

@article{prism,
    author  = "Peter M. W. Gill and John A. Pople",
    title   = "The PRISM Algorithm for Two-Electron Integrals",
    journal = "International Journal of Quantum Chemistry",
    volume  = 40,
    year    = 1991,
    pages   = {753--772}
}

@article{rys,
    author  = "R. Lindh and U. Ryu and B. Liu",
    title   = "The reduced multiplication scheme of the Rys quadrature and new recurrence relations for auxiliary function based twoelectron integral evaluation",
    journal = "Journal of Chemical Physics",
    volume  = 95,
    year    = 1991
}

@article{mcmurchie_tree_opt,
    author = "Benny G. Johnson and Peter M. W. Gill and John A. Pople",
    title  = "Exact and Approximate Solutions to the One-Center McMurchie-Davidson Tree-Search Problem",
    journal = "International Journal of Quantum Chemistry",
    volume  = 40,
    year    = 1991,
    pages   = {809 -- 827}
}

@article{prism_intro,
    author = "Peter M. W. Gill and Martin Head-Gordon and John A. Pople",
    title  = "Efficient Computation of Two-Electron-Repulsion Integrals and Their $n$th-Order Derivatives Using Contracted Gaussian Basis Sets",
    journal = "Journal of Physical Chemistry",
    year    = 1990,
    volume  = 94,
    pages   = {5564 -- 5572}
}

@article {ishida2,
    author = {Ishida, Kazuhiro},
    title = {Rapid algorithm for computing the electron repulsion integral over higher order Gaussian-type orbitals: Accompanying coordinate expansion method},
    journal = {Journal of Computational Chemistry},
    volume = {19},
    number = {8},
    publisher = {John Wiley & Sons, Inc.},
    issn = {1096-987X},
    url = {http://dx.doi.org/10.1002/(SICI)1096-987X(199806)19:8<923::AID-JCC11>3.0.CO;2-8},
    doi = {10.1002/(SICI)1096-987X(199806)19:8<923::AID-JCC11>3.0.CO;2-8},
    pages = {923--934},
    keywords = {molecular integral, electron repulsion integral, rapid algorithm, accompanying coordinate expansion method},
    year = {1998},
}

@article{g41,
   author = "Ditchfield, R. and Hehre, W. J. and Pople, J. A.",
   title = "Self‐Consistent Molecular‐Orbital Methods. IX. An Extended Gaussian‐Type Basis for Molecular‐Orbital Studies of Organic Molecules",
   journal = "The Journal of Chemical Physics",
   year = "1971",
   volume = "54",
   number = "2", 
   pages = "724-728",
   url = "http://scitation.aip.org/content/aip/journal/jcp/54/2/10.1063/1.1674902",
   doi = "http://dx.doi.org/10.1063/1.1674902" 
}

@article{cgbfs1,
   author = "Tatewaki, Hiroshi and Koga, Toshikatsu",
   title = "Contracted Gaussian‐type basis functions revisited",
   journal = "The Journal of Chemical Physics",
   year = "1996",
   volume = "104",
   number = "21", 
   pages = "8493-8499",
   url = "http://scitation.aip.org/content/aip/journal/jcp/104/21/10.1063/1.471599",
   doi = "http://dx.doi.org/10.1063/1.471599" 
}

@article{cgbfs2,
   author = "Kendall, Rick A. and Dunning, Thom H. and Harrison, Robert J.",
   title = "Electron affinities of the first‐row atoms revisited. Systematic basis sets and wave functions",
   journal = "The Journal of Chemical Physics",
   year = "1992",
   volume = "96",
   number = "9", 
   pages = "6796-6806",
   url = "http://scitation.aip.org/content/aip/journal/jcp/96/9/10.1063/1.462569",
   doi = "http://dx.doi.org/10.1063/1.462569" 
}

@Article{B517914A,
    author ="Shao, Yihan and Molnar, Laszlo Fusti and Jung, Yousung and Kussmann, Jorg and Ochsenfeld, Christian and Brown, Shawn T. and Gilbert, Andrew T.B. and Slipchenko, Lyudmila V. and Levchenko, Sergey V. and O{'}Neill, Darragh P. and DiStasio Jr, Robert A. and Lochan, Rohini C. and Wang, Tao and Beran, Gregory J.O. and Besley, Nicholas A. and Herbert, John M. and Yeh Lin, Ching and Van Voorhis, Troy and Hung Chien, Siu and Sodt, Alex and Steele, Ryan P. and Rassolov, Vitaly A. and Maslen, Paul E. and Korambath, Prakashan P. and Adamson, Ross D. and Austin, Brian and Baker, Jon and Byrd, Edward F. C. and Dachsel, Holger and Doerksen, Robert J. and Dreuw, Andreas and Dunietz, Barry D. and Dutoi, Anthony D. and Furlani, Thomas R. and Gwaltney, Steven R. and Heyden, Andreas and Hirata, So and Hsu, Chao-Ping and Kedziora, Gary and Khalliulin, Rustam Z. and Klunzinger, Phil and Lee, Aaron M. and Lee, Michael S. and Liang, WanZhen and Lotan, Itay and Nair, Nikhil and Peters, Baron and Proynov, Emil I. and Pieniazek, Piotr A. and Min Rhee, Young and Ritchie, Jim and Rosta, Edina and David Sherrill, C. and Simmonett, Andrew C. and Subotnik, Joseph E. and Lee Woodcock III, H. and Zhang, Weimin and Bell, Alexis T. and Chakraborty, Arup K. and Chipman, Daniel M. and Keil, Frerich J. and Warshel, Arieh and Hehre, Warren J. and Schaefer III, Henry F. and Kong, Jing and Krylov, Anna I. and Gill, Peter M. W. and Head-Gordon, Martin",
    title  ="Advances in methods and algorithms in a modern quantum chemistry program package",
    journal  ="Phys. Chem. Chem. Phys.",
    year  ="2006",
    volume  ="8",
    issue  ="27",
    pages  ="3172-3191",
    publisher  ="The Royal Society of Chemistry",
    doi  ="10.1039/B517914A",
    url  ="http://dx.doi.org/10.1039/B517914A",
    abstract  ="Advances in theory and algorithms for electronic structure calculations must be incorporated into program packages to enable them to become routinely used by the broader chemical community. This work reviews advances made over the past five years or so that constitute the major improvements contained in a new release of the Q-Chem quantum chemistry package{,} together with illustrative timings and applications. Specific developments discussed include fast methods for density functional theory calculations{,} linear scaling evaluation of energies{,} NMR chemical shifts and electric properties{,} fast auxiliary basis function methods for correlated energies and gradients{,} equation-of-motion coupled cluster methods for ground and excited states{,} geminal wavefunctions{,} embedding methods and techniques for exploring potential energy surfaces."}
}

@article{adams_gill,
   author = "Adams, Terry R. and Adamson, Ross D. and Gill, Peter M. W.",
   title = "A tensor approach to two-electron matrix elements",
   journal = "The Journal of Chemical Physics",
   year = "1997",
   volume = "107",
   number = "1", 
   pages = "124-131",
   url = "http://scitation.aip.org/content/aip/journal/jcp/107/1/10.1063/1.474359",
   doi = "http://dx.doi.org/10.1063/1.474359" 
}

@article{yasuda,
    author = {Yasuda, Koji},
    title = {Two-electron integral evaluation on the graphics processor unit},
    journal = {Journal of Computational Chemistry},
    volume = {29},
    number = {3},
    publisher = {Wiley Subscription Services, Inc., A Wiley Company},
    issn = {1096-987X},
    url = {http://dx.doi.org/10.1002/jcc.20779},
    doi = {10.1002/jcc.20779},
    pages = {334--342},
    keywords = {density functional, graphics processing unit, two-electron integrals},
    year = {2008},
}

@article{martinez,
    author = {Ufimtsev, Ivan S. and Martínez, Todd J.},
    title = {Quantum Chemistry on Graphical Processing Units. 1. Strategies for Two-Electron Integral Evaluation},
    journal = {Journal of Chemical Theory and Computation},
    volume = {4},
    number = {2},
    pages = {222-231},
    year = {2008},
    doi = {10.1021/ct700268q},
    URL = { http://dx.doi.org/10.1021/ct700268q },
    eprint = { http://dx.doi.org/10.1021/ct700268q }
}

@book{szabo,
    author = "Attila Szabo and Neil S. Ostlund",
    title = "Modern Quantum Chemistry: Introduction fo Advanced Electronic Structure Theory",
    year = 1989,
    publisher = "McGraw-Hill, Inc."
}

@article{phmd,
    year={2008},
    issn={1432-881X},
    journal={Theoretical Chemistry Accounts},
    volume={120},
    number={1-3},
    doi={10.1007/s00214-007-0295-5},
    title={A new algorithm of two-electron repulsion integral calculations: a combination of Pople–Hehre and McMurchie–Davidson methods},
    url={http://dx.doi.org/10.1007/s00214-007-0295-5},
    publisher={Springer-Verlag},
    keywords={Two-electron repulsion integral; Axis-switch; Recurrence relation},
    author={Ishimura, Kazuya and Nagase, Shigeru},
    pages={185-189},
    language={English}
}
